%% This BibTeX bibliography file was created using BibDesk.
%% http://bibdesk.sourceforge.net/

%% Created for panda at 2018-03-23 10:09:23 +0800


%% Saved with string encoding Unicode (UTF-8)



@article{Kaur2014Load,
  title={Load Balancing in Cloud Computing},
  author={Kaur, Rajwinder and Luthra, Pawan},
  journal={Int.conf.on Recent Trends in Information Telecommunication & Computing Itc},
  year={2014},
}
@article{Sharma2011Framework,
  title={Framework to Solve Load Balancing Problem in Heterogeneous Web Servers},
  author={Sharma, Deepti and Saxena, Archana B.},
  journal={International Journal of Computer Science & Engineering Survey},
  volume={2},
  number={1},
  year={2011},
}
@article{Chandak2012Dynamic,
  title={Dynamic Load Balancing of Virtual Machines using QEMU-KVM},
  author={Chandak, Akshay and Jaju, Krishnakant and Kanfade, Akshay and Lohiya, Pushkar and Joshi, Amit},
  journal={International Journal of Computer Applications},
  year={2012},
}
@article{Zhang2010A,
  title={A Content-based Dynamic Load-Balancing Algorithm for Heterogeneous Web Server Cluster},
  author={Zhang, Lin and Li, Xiao Ping and Yuan, Su},
  journal={Computer Science & Information Systems},
  volume={7},
  number={1},
  pages={153-162},
  year={2010},
}
@article{Ayyasamy2010A,
  title={A Cluster Based Replication Architecture for Load Balancing in Peer-to-Peer Content Distribution},
  author={Ayyasamy, S. and Sivanandam, S. N.},
  journal={International Journal of Computer Networks & Communications},
  volume={2},
  number={5},
  year={2010},
}
@inproceedings{Park2011A,
  title={A generalization of multiple choice balls-into-bins},
  author={Park, Gahyun},
  booktitle={ACM Sigact-Sigops Symposium on Principles of Distributed Computing},
  pages={297-298},
  year={2011},
}
@inproceedings{Huang2014Characterizing,
  title={Characterizing Load Imbalance in Real-World Networked Caches},
  author={Huang, Qi and Gudmundsdottir, Helga and Vigfusson, Ymir and Freedman, Daniel A. and Birman, Ken and Renesse, Robbert Van},
  booktitle={ACM Workshop on Hot Topics in Networks},
  pages={8},
  year={2014},
}
@inproceedings{Gebrehiwot2017Energy,
  title={Energy Efficient Load Balancing in Web Server Clusters},
  author={Gebrehiwot, Misikir Eyob and Aalto, Samuli and Lassila, Pasi},
  booktitle={International Teletraffic Congress},
  pages={13-18},
  year={2017},
}
@inproceedings{Xu2014A,
  title={A modified round-robin load-balancing algorithm for cluster-based web servers},
  author={Xu, Zongyu and Wang, Xingxuan},
  booktitle={Control Conference},
  pages={3580-3584},
  year={2014},
}
@inproceedings{Velusamy2017Smart,
  title={Smart load-balancer for web applications},
  author={Velusamy, Gandhimathi and Lent, Ricardo},
  booktitle={International Conference},
  pages={19-26},
  year={2017},
}
@article{Cardellini2015Dynamic,
  title={Dynamic Load Balancing on Web-Server Systems},
  author={Cardellini, Valeria and Colajanni, Michele and Yu, Philip S.},
  journal={Internet Computing IEEE},
  volume={3},
  number={3},
  pages={28-39},
  year={2015},
}
@article{Eludiora2010A,
  title={A Load Balancing Policy for Distributed Web Service},
  author={Eludiora, Safiriyu and Abiona, Olatunde and Aderounmu, Ganiyu and Oluwatope, Ayodeji and Onime, Clement and Kehinde, Lawrence},
  journal={International Journal of Communications Network & System Sciences},
  volume={3},
  number={8},
  pages={645-654},
  year={2010},
}
@book{Menon2013A,
  title={A distributed dynamic load balancer for iterative applications},
  author={Menon, Harshitha and Kal√©, Laxmikant},
  publisher={IEEE},
  pages={1-11},
  year={2013},
}
@inproceedings{vecchiola2009high,
	Author = {Vecchiola, Christian and Pandey, Suraj and Buyya, Rajkumar},
	Booktitle = {Pervasive Systems, Algorithms, and Networks (ISPAN), 2009 10th International Symposium on},
	Organization = {IEEE},
	Pages = {4--16},
	Title = {High-performance cloud computing: A view of scientific applications},
	Year = {2009}}

@misc{aws-hpc,
	Howpublished = {http://aws.amazon.com/hpc/},
	Title = {Amazone High Performance Computing Cloud using GPU}}

@misc{website:3dmark,
	Howpublished = {\url{http://www.futuremark.com}},
	Title = {3DMark06}}

@article{barham2003xen,
	Author = {Barham, Paul and Dragovic, Boris and Fraser, Keir and Hand, Steven and Harris, Tim and Ho, Alex and Neugebauer, Rolf and Pratt, Ian and Warfield, Andrew},
	Journal = {ACM SIGOPS Operating Systems Review},
	Number = {5},
	Pages = {164--177},
	Publisher = {ACM},
	Title = {Xen and the art of virtualization},
	Volume = {37},
	Year = {2003},
	Bdsk-File-1 = {YnBsaXN0MDDUAQIDBAUGJCVYJHZlcnNpb25YJG9iamVjdHNZJGFyY2hpdmVyVCR0b3ASAAGGoKgHCBMUFRYaIVUkbnVsbNMJCgsMDxJXTlMua2V5c1pOUy5vYmplY3RzViRjbGFzc6INDoACgAOiEBGABIAFgAdccmVsYXRpdmVQYXRoWWFsaWFzRGF0YW8QTgAuAC4ALwAuAC4ALwAuAC4ALwAuAC4ALwAuAC4ALwAuAC4ALwBEAG8AYwB1AG0AZQBuAHQAcwAvi7plh3b4UXMAL3b4UXNlh3MuAC9d8ov7AC8ATABvAGEAZAAgAEIAYQBsAGEAbgBjAGkAbgBnACAAaQBuACAAQwBsAG8AdQBkACAAQwBvAG0AcAB1AHQAaQBuAGcALgBwAGQAZtIXCxgZV05TLmRhdGFPEQIUAAAAAAIUAAIAAAxNYWNpbnRvc2ggSEQAAAAAAAAAAAAAAAAAAADULvb0SCsAAAE7iO0fTG9hZCBCYWxhbmNpbmcgaW4gQyMxMDZFMTRGLnBkZgAAAAAAAAAAAAAAAAAAAAAAAAAAAAAAAAAAAAAAAAAAAQbhT9ZC9EYAAAAAAAAAAAAGAAUAAAkgAAAAAAAAAAAAAAAAAAAABNLRtsEAEAAIAADULoZ0AAAAEQAIAADWQoPGAAAAAQAYATuI7QEAyiQBAMlyAAcoeAAHKHcABiwlAAIAX01hY2ludG9zaCBIRDpVc2VyczoAcGFuZGE6AERvY3VtZW50czoAwtvOxM/gudg6AM/gudjOxM/XOgDS0bbBOgBMb2FkIEJhbGFuY2luZyBpbiBDIzEwNkUxNEYucGRmAAAOAEwAJQBMAG8AYQBkACAAQgBhAGwAYQBuAGMAaQBuAGcAIABpAG4AIABDAGwAbwB1AGQAIABDAG8AbQBwAHUAdABpAG4AZwAuAHAAZABmAA8AGgAMAE0AYQBjAGkAbgB0AG8AcwBoACAASABEABIAXFVzZXJzL3BhbmRhL0RvY3VtZW50cy/orrrmlofnm7jlhbMv55u45YWz5paH54yuL+W3suivuy9Mb2FkIEJhbGFuY2luZyBpbiBDbG91ZCBDb21wdXRpbmcucGRmABMAAS8AABUAAgAM//8AAIAG0hscHR5aJGNsYXNzbmFtZVgkY2xhc3Nlc11OU011dGFibGVEYXRhox0fIFZOU0RhdGFYTlNPYmplY3TSGxwiI1xOU0RpY3Rpb25hcnmiIiBfEA9OU0tleWVkQXJjaGl2ZXLRJidUcm9vdIABAAgAEQAaACMALQAyADcAQABGAE0AVQBgAGcAagBsAG4AcQBzAHUAdwCEAI4BLQEyAToDUgNUA1kDZANtA3sDfwOGA48DlAOhA6QDtgO5A74AAAAAAAACAQAAAAAAAAAoAAAAAAAAAAAAAAAAAAADwA==}}

@misc{website:amazongpu,
	Howpublished = {\url{http://aws.amazon.com/ec2/instance-types/}},
	Title = {Amazon GPU instances},
	Bdsk-File-1 = {YnBsaXN0MDDUAQIDBAUGJCVYJHZlcnNpb25YJG9iamVjdHNZJGFyY2hpdmVyVCR0b3ASAAGGoKgHCBMUFRYaIVUkbnVsbNMJCgsMDxJXTlMua2V5c1pOUy5vYmplY3RzViRjbGFzc6INDoACgAOiEBGABIAFgAdccmVsYXRpdmVQYXRoWWFsaWFzRGF0YW8QTgAuAC4ALwAuAC4ALwAuAC4ALwAuAC4ALwAuAC4ALwAuAC4ALwBEAG8AYwB1AG0AZQBuAHQAcwAvi7plh3b4UXMAL3b4UXNlh3MuAC9d8ov7AC8ATABvAGEAZAAgAEIAYQBsAGEAbgBjAGkAbgBnACAAaQBuACAAQwBsAG8AdQBkACAAQwBvAG0AcAB1AHQAaQBuAGcALgBwAGQAZtIXCxgZV05TLmRhdGFPEQIUAAAAAAIUAAIAAAxNYWNpbnRvc2ggSEQAAAAAAAAAAAAAAAAAAADULvb0SCsAAAE7iO0fTG9hZCBCYWxhbmNpbmcgaW4gQyMxMDZFMTRGLnBkZgAAAAAAAAAAAAAAAAAAAAAAAAAAAAAAAAAAAAAAAAAAAQbhT9ZC9EYAAAAAAAAAAAAGAAUAAAkgAAAAAAAAAAAAAAAAAAAABNLRtsEAEAAIAADULoZ0AAAAEQAIAADWQoPGAAAAAQAYATuI7QEAyiQBAMlyAAcoeAAHKHcABiwlAAIAX01hY2ludG9zaCBIRDpVc2VyczoAcGFuZGE6AERvY3VtZW50czoAwtvOxM/gudg6AM/gudjOxM/XOgDS0bbBOgBMb2FkIEJhbGFuY2luZyBpbiBDIzEwNkUxNEYucGRmAAAOAEwAJQBMAG8AYQBkACAAQgBhAGwAYQBuAGMAaQBuAGcAIABpAG4AIABDAGwAbwB1AGQAIABDAG8AbQBwAHUAdABpAG4AZwAuAHAAZABmAA8AGgAMAE0AYQBjAGkAbgB0AG8AcwBoACAASABEABIAXFVzZXJzL3BhbmRhL0RvY3VtZW50cy/orrrmlofnm7jlhbMv55u45YWz5paH54yuL+W3suivuy9Mb2FkIEJhbGFuY2luZyBpbiBDbG91ZCBDb21wdXRpbmcucGRmABMAAS8AABUAAgAM//8AAIAG0hscHR5aJGNsYXNzbmFtZVgkY2xhc3Nlc11OU011dGFibGVEYXRhox0fIFZOU0RhdGFYTlNPYmplY3TSGxwiI1xOU0RpY3Rpb25hcnmiIiBfEA9OU0tleWVkQXJjaGl2ZXLRJidUcm9vdIABAAgAEQAaACMALQAyADcAQABGAE0AVQBgAGcAagBsAG4AcQBzAHUAdwCEAI4BLQEyAToDUgNUA1kDZANtA3sDfwOGA48DlAOhA6QDtgO5A74AAAAAAAACAQAAAAAAAAAoAAAAAAAAAAAAAAAAAAADwA==}}

@inproceedings{tian2014full,
	Author = {Tian, Kun and Dong, Yaozu and Cowperthwaite, David},
	Booktitle = {Proc. USENIX ATC},
	Title = {A full GPU virtualization solution with mediated pass-through},
	Year = {2014}}

@inproceedings{luebke2006gpgpu,
	Author = {Luebke, David and Harris, Mark and Govindaraju, Naga and Lefohn, Aaron and Houston, Mike and Owens, John and Segal, Mark and Papakipos, Matthew and Buck, Ian},
	Booktitle = {Proceedings of the 2006 ACM/IEEE conference on Supercomputing},
	Organization = {ACM},
	Pages = {208},
	Title = {GPGPU: general-purpose computation on graphics hardware},
	Year = {2006}}

@misc{website:heaven,
	Howpublished = {\url{http://unigine.com/products/heaven}},
	Title = {Heaven3D}}

@article{lopes2011gpumlib,
	Author = {Lopes, Noel and Ribeiro, Bernardete},
	Journal = {International Journal of Computer Information Systems and Industrial Management Applications},
	Pages = {355--362},
	Title = {GPUMLib: An efficient open-source GPU machine learning library},
	Volume = {3},
	Year = {2011}}

@article{yang2007gpu,
	Author = {Yang, Juekuan and Wang, Yujuan and Chen, Yunfei},
	Journal = {Journal of Computational Physics},
	Number = {2},
	Pages = {799--804},
	Publisher = {Elsevier},
	Title = {GPU accelerated molecular dynamics simulation of thermal conductivities},
	Volume = {221},
	Year = {2007}}

@inproceedings{suzuki2014gpuvm,
	Author = {Suzuki, Yusuke and Kato, Shinpei and Yamada, Hiroshi and Kono, Kenji},
	Booktitle = {Proceedings of the 2014 USENIX conference on USENIX Annual Technical Conference},
	Organization = {USENIX Association},
	Pages = {109--120},
	Title = {GPUvm: why not virtualizing GPUs at the hypervisor?},
	Year = {2014}}

@misc{website:passmark,
	Howpublished = {\url{http://www.passmark.com}},
	Title = {PassMark2D}}

@misc{website:amazonhpc,
	Howpublished = {\url{https://aws.amazon.com/hpc/}},
	Title = {High Performance Computing - Amazon Web Services}}

@article{hiremane2007intel,
	Author = {Hiremane, R},
	Journal = {Technology@ Intel Magazine},
	Number = {10},
	Title = {Intel virtualization technology for directed i/o (intel vt-d)},
	Volume = {4},
	Year = {2007}}

@inproceedings{lagar2007vmm,
	Author = {Lagar-Cavilla, H Andr{\'e}s and Tolia, Niraj and Satyanarayanan, Mahadev and De Lara, Eyal},
	Booktitle = {Proceedings of the 3rd international conference on Virtual execution environments},
	Organization = {ACM},
	Pages = {33--43},
	Title = {VMM-independent graphics acceleration},
	Year = {2007}}

@misc{website:vbox,
	Howpublished = {\url{https://www.virtualbox.org/}},
	Title = {Oracle VM VirtualBox}}

@inproceedings{humphreys2002chromium,
	Author = {Humphreys, Greg and Houston, Mike and Ng, Ren and Frank, Randall and Ahern, Sean and Kirchner, Peter D and Klosowski, James T},
	Booktitle = {ACM Transactions on Graphics (TOG)},
	Number = {3},
	Organization = {ACM},
	Pages = {693--702},
	Title = {Chromium: a stream-processing framework for interactive rendering on clusters},
	Volume = {21},
	Year = {2002}}

@incollection{giunta2010gpgpu,
	Author = {Giunta, Giulio and Montella, Raffaele and Agrillo, Giuseppe and Coviello, Giuseppe},
	Booktitle = {Euro-Par 2010-Parallel Processing},
	Pages = {379--391},
	Publisher = {Springer},
	Title = {A GPGPU transparent virtualization component for high performance computing clouds},
	Year = {2010}}

@inproceedings{gupta2009gvim,
	Author = {Gupta, Vishakha and Gavrilovska, Ada and Schwan, Karsten and Kharche, Harshvardhan and Tolia, Niraj and Talwar, Vanish and Ranganathan, Parthasarathy},
	Booktitle = {Proceedings of the 3rd ACM Workshop on System-level Virtualization for High Performance Computing},
	Organization = {ACM},
	Pages = {17--24},
	Title = {GViM: GPU-accelerated virtual machines},
	Year = {2009}}

@inproceedings{duato2010rcuda,
	Author = {Duato, Jos{\'e} and Pena, Antonio J and Silla, Federico and Mayo, Rafael and Quintana-Ort{\'\i}, Enrique S},
	Booktitle = {High Performance Computing and Simulation (HPCS), 2010 International Conference on},
	Organization = {IEEE},
	Pages = {224--231},
	Title = {rCUDA: Reducing the number of GPU-based accelerators in high performance clusters},
	Year = {2010}}

@article{shi2012vcuda,
	Author = {Shi, Lin and Chen, Hao and Sun, Jianhua and Li, Kenli},
	Journal = {Computers, IEEE Transactions on},
	Number = {6},
	Pages = {804--816},
	Publisher = {IEEE},
	Title = {vCUDA: GPU-accelerated high-performance computing in virtual machines},
	Volume = {61},
	Year = {2012}}

@article{dowty2009gpu,
	Author = {Dowty, Micah and Sugerman, Jeremy},
	Journal = {ACM SIGOPS Operating Systems Review},
	Number = {3},
	Pages = {73--82},
	Publisher = {ACM},
	Title = {GPU virtualization on VMware's hosted I/O architecture},
	Volume = {43},
	Year = {2009}}

@misc{website:nvidiagrid,
	Howpublished = {\url{http://www.nvidia.com/object/grid-technology.html}},
	Title = {NVIDIA GRID: Graphics-accelerated virtualization}}

@article{agesen2010evolution,
	Author = {Agesen, Ole and Garthwaite, Alex and Sheldon, Jeffrey and Subrahmanyam, Pratap},
	Journal = {ACM SIGOPS Operating Systems Review},
	Number = {4},
	Pages = {3--18},
	Publisher = {ACM},
	Title = {The evolution of an x86 virtual machine monitor},
	Volume = {44},
	Year = {2010}}

@inproceedings{chang1997lazy,
	Author = {Chang, Moon-Seek and Koh, Kern},
	Booktitle = {Parallel Algorithms/Architecture Synthesis, 1997. Proceedings., Second Aizu International Symposium},
	Organization = {IEEE},
	Pages = {308--315},
	Title = {Lazy TLB consistency for large-scale multiprocessors},
	Year = {1997}}

@inproceedings{schroeder2009dram,
	Author = {Schroeder, Bianca and Pinheiro, Eduardo and Weber, Wolf-Dietrich},
	Booktitle = {ACM SIGMETRICS Performance Evaluation Review},
	Number = {1},
	Organization = {ACM},
	Pages = {193--204},
	Title = {DRAM errors in the wild: a large-scale field study},
	Volume = {37},
	Year = {2009}}

@article{chen1984error,
	Author = {Chen, Chin-Long and Hsiao, MY},
	Journal = {IBM Journal of Research and Development},
	Number = {2},
	Pages = {124--134},
	Publisher = {IBM},
	Title = {Error-correcting codes for semiconductor memory applications: A state-of-the-art review},
	Volume = {28},
	Year = {1984}}

@inproceedings{amit2011viommu,
	Author = {Amit, Nadav and Ben-Yehuda, Muli and Tsafrir, Dan and Schuster, Assaf},
	Booktitle = {2011 USENIX Annual Technical Conference (USENIX ATC'11)},
	Pages = {73},
	Title = {vIOMMU: efficient IOMMU emulation},
	Year = {2011}}

@inproceedings{dong2008sr,
	Author = {Dong, Yaozu and Yu, Zhao and Rose, Greg},
	Booktitle = {Workshop on I/O Virtualization},
	Title = {SR-IOV Networking in Xen: Architecture, Design and Implementation.},
	Year = {2008}}

@misc{website:intelgd,
	Howpublished = {\url{http://www.x.org/wiki/IntelGraphicsDriver/}},
	Title = {Intel Graphics Driver}}

@misc{website:intelprm,
	Howpublished = {\url{https://01.org/linuxgraphics/documentation/2013-intel-core-processor-family}},
	Title = {Intel Processor Graphics PRM}}

@inproceedings{dong2009towards,
	Author = {Dong, Yaozu and Dai, Jinquan and Huang, Zhiteng and Guan, Haibing and Tian, Kevin and Jiang, Yunhong},
	Booktitle = {Proceedings of SYSTOR 2009: The Israeli Experimental Systems Conference},
	Organization = {ACM},
	Pages = {12},
	Title = {Towards high-quality I/O virtualization},
	Year = {2009}}

@article{qi2014vgris,
	Author = {Qi, Zhengwei and Yao, Jianguo and Zhang, Chao and Yu, Miao and Yang, Zhizhou and Guan, Haibing},
	Journal = {ACM Transactions on Architecture and Code Optimization (TACO)},
	Number = {2},
	Pages = {17},
	Publisher = {ACM},
	Title = {VGRIS: Virtualized GPU resource isolation and scheduling in cloud gaming},
	Volume = {11},
	Year = {2014}}

@inproceedings{kivity2007kvm,
	Author = {Kivity, Avi and Kamay, Yaniv and Laor, Dor and Lublin, Uri and Liguori, Anthony},
	Booktitle = {Proceedings of the Linux Symposium},
	Pages = {225--230},
	Title = {kvm: the Linux virtual machine monitor},
	Volume = {1},
	Year = {2007}}

@article{deelman2005pegasus,
	Author = {Deelman, Ewa and Singh, Gurmeet and Su, Mei-Hui and Blythe, James and Gil, Yolanda and Kesselman, Carl and Mehta, Gaurang and Vahi, Karan and Berriman, G Bruce and Good, John and others},
	Journal = {Scientific Programming},
	Number = {3},
	Pages = {219--237},
	Publisher = {Hindawi Publishing Corporation},
	Title = {Pegasus: A framework for mapping complex scientific workflows onto distributed systems},
	Volume = {13},
	Year = {2005}}

@article{dong2006extending,
	Author = {Dong, Yaozu and Li, Shaofan and Mallick, Asit and Nakajima, Jun and Tian, Kun and Xu, Xuefei and Yang, Fred and Yu, Wilfred},
	Journal = {Intel Technology Journal},
	Number = {3},
	Title = {Extending Xen with Intel Virtualization Technology.},
	Volume = {10},
	Year = {2006}}

@inproceedings{gottschlag2013logv,
	Author = {Gottschlag, Mathias and Hillenbrand, Marius and Kehne, Jens and Stoess, Jan and Bellosa, Frank},
	Booktitle = {High Performance Computing and Communications \& 2013 IEEE International Conference on Embedded and Ubiquitous Computing (HPCC\_EUC), 2013 IEEE 10th International Conference on},
	Organization = {IEEE},
	Pages = {1721--1726},
	Title = {LoGV: Low-overhead GPGPU virtualization},
	Year = {2013}}

@inproceedings{che2009rodinia,
	Author = {Che, Shuai and Boyer, Michael and Meng, Jiayuan and Tarjan, David and Sheaffer, Jeremy W and Lee, Sang-Ha and Skadron, Kevin},
	Booktitle = {Workload Characterization, 2009. IISWC 2009. IEEE International Symposium on},
	Organization = {IEEE},
	Pages = {44--54},
	Title = {Rodinia: A benchmark suite for heterogeneous computing},
	Year = {2009}}

@article{stratton2012parboil,
	Author = {Stratton, John A and Rodrigues, Christopher and Sung, I-Jui and Obeid, Nady and Chang, Li-Wen and Anssari, Nasser and Liu, Geng Daniel and Hwu, W-M},
	Journal = {Center for Reliable and High-Performance Computing},
	Title = {Parboil: A revised benchmark suite for scientific and commercial throughput computing},
	Year = {2012}}

@article{adams2006comparison,
	Author = {Adams, Keith and Agesen, Ole},
	Journal = {ACM Sigplan Notices},
	Number = {11},
	Pages = {2--13},
	Publisher = {ACM},
	Title = {A comparison of software and hardware techniques for x86 virtualization},
	Volume = {41},
	Year = {2006}}
